<mx:record xmlns="http://www.w3.org/TR/xhtml1/strict" xmlns:mx="http://www.loc.gov/MARC21/slim" xmlns:xsi="http://www.w3.org/2001/XMLSchema-instance"><mx:leader>00000nz   2200000n  0000</mx:leader><mx:controlfield tag="001">oca03856655 </mx:controlfield><mx:controlfield tag="005">19950614053448.1</mx:controlfield><mx:controlfield tag="008">950608n| acannaab|          |a aaa     c</mx:controlfield><mx:datafield ind1=" " ind2=" " tag="010"><mx:subfield code="a">nr 95021325</mx:subfield></mx:datafield><mx:datafield ind1=" " ind2=" " tag="040"><mx:subfield code="a">NNC</mx:subfield><mx:subfield code="c">NNC</mx:subfield></mx:datafield><mx:datafield ind1="0" ind2=" " tag="100"><mx:subfield code="a">Sevius Nicanor,</mx:subfield><mx:subfield code="d">2nd/1st cent. B.C.</mx:subfield></mx:datafield><mx:datafield ind1="0" ind2=" " tag="400"><mx:subfield code="a">Saevius Nicanor,</mx:subfield><mx:subfield code="d">2nd/1st cent. B.C.</mx:subfield></mx:datafield><mx:datafield ind1="0" ind2=" " tag="400"><mx:subfield code="a">Saevius Postumius,</mx:subfield><mx:subfield code="d">2nd/1st cent. B.C.</mx:subfield></mx:datafield><mx:datafield ind1="0" ind2=" " tag="400"><mx:subfield code="a">Saevius Posthumius,</mx:subfield><mx:subfield code="d">2nd/1st cent. B.C.</mx:subfield></mx:datafield><mx:datafield ind1="1" ind2=" " tag="400"><mx:subfield code="a">Nicanor, Saevius,</mx:subfield><mx:subfield code="d">2nd/1st cent. B.C.</mx:subfield></mx:datafield><mx:datafield ind1="1" ind2=" " tag="400"><mx:subfield code="a">Nicanor, Sevius,</mx:subfield><mx:subfield code="d">2nd/1st cent. B.C.</mx:subfield></mx:datafield><mx:datafield ind1="1" ind2=" " tag="400"><mx:subfield code="a">Postumius, Saevius,</mx:subfield><mx:subfield code="d">2nd/1st cent. B.C.</mx:subfield></mx:datafield><mx:datafield ind1="1" ind2=" " tag="400"><mx:subfield code="a">Posthumius, Saevius,</mx:subfield><mx:subfield code="d">2nd/1st cent. B.C.</mx:subfield></mx:datafield><mx:datafield ind1="1" ind2=" " tag="400"><mx:subfield code="a">Nicanor, M. Saevius Postumius</mx:subfield><mx:subfield code="q">(Marcus Saevius Postumius),</mx:subfield><mx:subfield code="d">2nd/1st cent. B.C.</mx:subfield></mx:datafield><mx:datafield ind1="0" ind2=" " tag="400"><mx:subfield code="a">Sevius Postumianus,</mx:subfield><mx:subfield code="d">2nd/1st cent. B.C.</mx:subfield></mx:datafield><mx:datafield ind1="1" ind2=" " tag="400"><mx:subfield code="a">Postumianus, Sevius,</mx:subfield><mx:subfield code="d">2nd/1st cent. B.C.</mx:subfield></mx:datafield><mx:datafield ind1="0" ind2=" " tag="400"><mx:subfield code="a">M. Saevius Postumius Nicanor</mx:subfield><mx:subfield code="q">(Marcus Saevius Postumius Nicanor),</mx:subfield><mx:subfield code="d">2nd/1st cent. B.C.</mx:subfield></mx:datafield><mx:datafield ind1=" " ind2=" " tag="670"><mx:subfield code="a">His Carmen [CF] 1991:</mx:subfield><mx:subfield code="b">PHI CD ROM #5.3, Latin Canon, bibliographic screen (Sevius Nicanor)</mx:subfield></mx:datafield><mx:datafield ind1=" " ind2=" " tag="670"><mx:subfield code="a">Oxford class. dict., 1st ed.:</mx:subfield><mx:subfield code="b">p. 788 (S(a)evius Nicanor; 2nd-1st c. B.C.; grammarian; the first to gain fame by his teaching; wrote comentarii and a saturna)</mx:subfield></mx:datafield><mx:datafield ind1=" " ind2=" " tag="670"><mx:subfield code="a">Pauly-Wissowa:</mx:subfield><mx:subfield code="b">2. Reihe, 4. Halbbd., col. 2018; &amp;#034;Sevius&amp;#034;, #2 (Sevius Nicanor; sometime at the turn of the 2nd-1st cent. B.C.; known only from the citation in Suetonius De gramm. 5; a freedman who gained fame by his teaching)</mx:subfield></mx:datafield><mx:datafield ind1=" " ind2=" " tag="670"><mx:subfield code="a">The Fragmentary Latin poets, 1993:</mx:subfield><mx:subfield code="b">p. 144 (Sevius Nicanor; also identified as Sevius Postumianus)</mx:subfield></mx:datafield><mx:datafield ind1=" " ind2=" " tag="670"><mx:subfield code="a">Suetonius (Loeb classical library), 1979:</mx:subfield><mx:subfield code="b">v. 2, p. 404-405, note (Saevius Nicanor; the name appears to have been M. Saevius Postumius Nicanor. Thus he was Saevius Nicanor, Saevius Postumius, and Marcus. Textual variants of the mss. have Posthumius)</mx:subfield></mx:datafield><mx:datafield ind1=" " ind2=" " tag="675"><mx:subfield code="a">NUC pre-56</mx:subfield></mx:datafield></mx:record>